@misc{Wiki,
  title = {Wikipedia},
  howpublished = {\url{http://en.wikipedia.org/wiki/Fizz_buzz}}
}

@book{discipline,
  title={A discipline of programming},
  author={Dijkstra, Edsger W.},
  isbn={9780132158718},
  lccn={75040478},
  series={Prentice-Hall series in automatic computation},
  year={1976},
  publisher={Prentice-Hall, Incorporated}
}