@misc{auth:mflow,
  author = "Alberto G. Corona",
  year = "2014",
  url = {http://www.haskell.org/package/MFlow}
}

@misc{auth:workflow,
  author = "Alberto G. Corona",
  year = "2013",
  url = {http://www.haskell.org/package/Workflow}
}

@misc{auth:flowdemos,
  title = "MFlow demos",
  author = "Alberto G. Corona",
  year = "2014",
  url = {http://mflowdemo.herokuapp.com}
}

@misc{auth:mflowdsl,
  title = "MFlow as a DSL for Web applications",
  author = "Alberto G. Corona",
  year = "2013"
  url = {https://www.fpcomplete.com/user/agocorona/MFlowDSL}
}

@misc{auth:demosite,
  title = "MFlow demo Applications",
  year = "2014",
  url = {http://mflowdemo.herokuapp.com}
}

@misc{auth:runtimetemp,
  title = "MFlow runtime templates examples",
  author = "Alberto G. Corona",
  year = "2014",
  url = {http://mflowdemo.herokuapp.com/noscript/templates/runtimetemplates}
}

@misc{auth:push,
  title = "Mflow push examples",
  author = "Alberto G. Corona",
  year = "2013",
  url = {http://mflowdemo.herokuapp.com/noscript/templates/runtimetemplates}
}

@misc{auth:tutorial, 
  title = "A basic MFlow tutorial",
  author = "Alberto G. Corona",
  year = "2013",
  url = {https://www.fpcomplete.com/user/agocorona/MFlow-tutoria}
}

@misc{auth:integration, 
  title = "How Haskell can solve the integration problem",
  author= "Alberto G. Corona",
  year = "2013",
  url = {https://www.fpcomplete.com/business/blog/guest-post-solve-integration-problem}
}

@misc{auth:spring, 
  title = "Spring Web Flow",
  year = "2014",
  url = {http://projects.spring.io/spring-webflow}
}

@misc{auth:scalacloud, 
  title = "Event-based programming without inversion of control",
  author = "Philipp Haller and Martin Odersky",
  year = "2013",
  url = {http://lampwww.epfl.ch/~odersky/papers/jmlc06.pdf}
}

@misc{auth:trace, 
  title = "Demo of error traces in MFlow",
  author = "Alberto G. Corona",
  year = "2013",
  url = {http://mflowdemo.herokuapp.com/noscript/errortraces/trace}
}

@misc{auth:cloudhaskell, 
  title = "Cloud Haskell",
  year = "2013",
  url = {http://www.haskell.org/haskellwiki/Cloud_Haskell}
}
@misc{auth:staticpackage, 
  title = "The distributed-static package",
  year = "2013",
  url = {http://hackage.haskell.org/package/distributed-static/docs/Control-Distributed-Static.html}
}
@misc{auth:supervisor, 
  title = "The supervisor package",
  author = "Alberto G. Corona",
  year = "2014",
  url = {https://hackage.haskell.org/package/supervisor}
}


@misc{auth:refserialize,
  title = "The RefSerialize package",
  author = "Alberto G. Corona",
  year = "2013",
  url = {http://www.haskell.org/package/RefSerialize}
}

@misc{auth:tcache,
  title = "The TCache package",
  author = "Alberto G. Corona",
  year = "2013",
  url = {http://www.haskell.org/package/TCache}
}

@misc{auth:formlets,
  url = {http://www.haskell.org/package/formlets}
  year = "2013",
}

@misc{auth:wash,
  author = "Peter Thiemann ",
  year = "2004",
  url = {http://www.informatik.uni-freiburg.de/~thiemann/WASH}
}

@misc{auth:warp,
  title = "The warp package",
  author = "Michael Snoyman",
  year = "2014",
  url = {http://www.haskell.org/package/warp}
}

@misc{auth:blaze-html,
  title = "The blaze-html package",
  year = "2013",
  url = {http://www.haskell.org/package/blaze-html}
}

@misc{auth:ocsigen,
  title= "Home page of the Ocsigen Web framework",
  year = "2013",
  url = {http://ocsigen.org}
}

@misc{auth:seaside,
  year = "2013",
  url = {http://en.wikipedia.org/wiki/Seaside_(software)}
}

@misc{auth:seasidecallback,
  title = "Seaside: A Flexible Environment for Building Dynamic Web Applications",
  author = "Stephane Ducasse and Adrian Lienhard and Lukas Renggli",
  year= "2012",
  url = {http://scg.unibe.ch/archive/papers/Duca07a-SeasideIEEE-SCG.pdf}
}

 
@misc{auth:datatier,
  author= "Alberto G. Corona",
  year= "2013",
  url = {http://haskell-web.blogspot.com.es/2013/04/mflow-what-about-data-tier-adding-it-to.html}
}

@misc{auth:monadloc,
  author= "Pepe Iborra",
  year= "2013",
  url = {http://hackage.haskell.org/package/monadloc}
}

@misc{auth:monadloc-pp,
  author= "Pepe Iborra",
  year= "2013",
  url = {http://hackage.haskell.org/package/monadloc-pp}
}

@misc{auth:control-monad-exception,
  author= "Pepe Iborra",
  year= "2012",
  url = {http://hackage.haskell.org/package/control-monad-exception}
}


@inproceedings{CLWY08essence,
  title = "The essence of form abstraction",
  author = "Ezra Cooper and Sam Lindley and Philip Wadler and Jeremy Yallop",
  booktitle = "Sixth Asian Symposium on Programming Languages and Systems",
  year = "2008"
}

    
@article{invertingback,
    author = "Christian Queinnec",
    title = "Inverting back the inversion of control or, Continuations versus page-centric programming",
    journal = "SIGPLAN Not",
    year = "2001",
    volume = "38",
    pages = "2003"
}

@proceedings{restcontinuations,
    author = "Anton van Straaten",
    organization = "Lightweight Languages 2004 (LL4). , Cambridge MA",
    title = "Continuations continued: the REST of the computation",
    type = "Presentation",
    year = "2004",
    institution = "appsolutions.com",
    url = "http://ll4.csail.mit.edu/slides/rest-slides.pdf"}

@article{McCarthy:2009:ARW:1631687.1596594,
 author = "McCarthy, Jay A.",
 title = "Automatically RESTful web applications: marking modular serializable continuations",
 journal = "SIGPLAN Not.",
 issue_date = "September 2009",
 volume = "44",
 number = "9",
 month = aug,
 year = "2009",
 issn = "0362-1340",
 pages = "299-310",
 numpages = "12",
 url = "http://doi.acm.org/10.1145/1631687.1596594",
 doi = "10.1145/1631687.1596594",
 acmid = "1596594",
 publisher = "ACM",
 address = "New York, NY, USA",
 keywords = "continuations, stack inspection, web applications",
} 

@techreport{swarm,
    author = "Ian Clarke",
    title     = "Swarm, a new Approach To Distributed Computation",
    type    = "video",
    year    = "2013",
    url       = "http://tech.slashdot.org/story/09/10/11/1738234/Swarm-mdash-a-New-Approach-To-Distributed-Computation?from=rss"}
    
@proceedings{oleg,
    author = "oleg kiselyov",
    organization = "Continuation Fest 2008 Tokyo, Japan April 13, 2008",
    title  = "Clicking on Delimited Continuations",
    year = "2008",
    type = "Presentation",
    url    = "http://okmij.org/ftp/Computation/Fest2008-talk-notes.pdf"}


@techreport{qcheck,
    author = "Koen Claessen",
    title   = "QuickCheck-2.6: Automatic testing of Haskell programs",
    year = "2013",
    type = "Haskell library documentation & source code",
    url    = "http://hackage.haskell.org/package/QuickCheck"}
    
@techreport{failback,
    author = "Alberto G. Corona",
    title = "A fail-back monad",
    year = "2012",
    month = "March",
    type = "Blog post",
    url    = "http://haskell-web.blogspot.com.es/2012/03/failback-monad.html"}  

@techreport{wai,
    author   = "Michael Snoyman",
    title     = "wai: Web Application Interface",
    year      = "2010-2013",
    type      = "Haskell library documentation & source code",
    url       = "http://hackage.haskell.org/package/archive/wai/latest/doc/html/Network-Wai.html#Wai"}  
    


@inproceeedings{Meuter97monadsas,
    author = "Wolfgang De Meuter",
    title =  "Monads as a theoretical foundation for AOP",
    booktitle = "In International Workshop on Aspect-Oriented Programming at ECOOP",
    year = "1997",
    pages = "25",
    publisher = "Springer-Verlag"
} 
@book{spring,
    author= "Gary Mak and  Josh Long and Daniel Rubio",
    editor= "Apress",
    booktitle = "Spring recipes"}
