
@inproceedings{Bolingbroke2010Eval,
	Author = {Bolingbroke, Max and Peyton Jones, Simon L.},
	Booktitle = {Haskell 2010 Symposium},
	Title = {Supercompilation by Evaluation},
	Year = {2010}}


@inproceedings{Gluck1993Occam,
	Address = {London, UK},
	Author = {Gl{\"u}ck, Robert and Klimov, A.V.},
	Booktitle = {WSA '93: Proceedings of the Third International Workshop on Static Analysis},
	Pages = {112--123},
	Publisher = {Springer-Verlag},
	Title = {Occam's Razor in Metacompuation: the Notion of a Perfect Process Tree},
	Year = {1993}}

@inproceedings{Gluck1996Roadmap,
	Author = {Gl{\"u}ck, R. and S{\o}rensen, M. H.},
	Booktitle = {Selected Papers From the International Seminar on Partial Evaluation},
	Pages = {137-160},
	Series = {LNCS},
	Title = {A Roadmap to Metacomputation by Supercompilation},
	Volume = {1110},
	Year = {1996}}


@inproceedings{Hamilton2010Graph,
	Author = {Hamilton, G. W.},
	Booktitle = {Second International Workshop on Metacomputation in Russia},
	Title = {A Graph-Based Definition of Distillation},
	Year = {2010}}

@inproceedings{Hamilton2007Distillation,
	Author = {Hamilton, G. W.},
	Booktitle = {Proceedings of the 2007 ACM SIGPLAN symposium on Partial evaluation and semantics-based program manipulation},
	Organization = {ACM Press New York, NY, USA},
	Pages = {61--70},
	Title = {Distillation: extracting the essence of programs},
	Year = {2007}}

@article{Jones2010Interview,
    Author = {Peyton Jones, Simon L.},
    Title = {Interview},
    Journal = {Practice of functional programming},
    Year = {2010},
    Number = {6},
    Note = {(In Russian) \url{http://fprog.ru/2010/issue6/interview-simon-peyton-jones/}}}

@mastersthesis{Jonsson2008Supercompilation,
	Author = {Jonsson, P.A.},
	School = {Lule{\aa} University of Technology},
	Title = {Positive supercompilation for a higher-order call-by-value language},
	Type = {Licentiate Thesis},
	Year = {2008}}


@phdthesis{Jonsson2011Phd,
	Author = {Jonsson, P.A.},
	__Note = {To appear},
	School = {Lule{\aa} University of Technology},
	Title = {Positive Supercompilation for Higher-Order Languages},
	Year = {2011}}


@techreport{Klyuchnikov2010Fast,
	Author = {Klyuchnikov, Ilya},
	Institution = {{Keldysh Institute of Applied Mathematics}},
	Number = {81},
	Title = {Towards effective two-level supercompilation},
	Type = {Preprint},
	Year = {2010}}

@phdthesis{Mitchell2008taa,
	Author = {Mitchell, N.},
	School = {University of York},
	Title = {Transformation and Analysis of Functional Programs},
	Year = {2008}}

@inproceedings{Mitchell2010Rethinking,
	Author = {Mitchell, N.},
	Booktitle = {ICFP 2010},
	Title = {Rethinking Supercompilation},
	Year = {2010}}

@mastersthesis{Secher1999Perfect,
	Author = {Secher, Jens Peter},
	School = {Department of Computer Science, University of Copenhagen},
	Title = {Perfect Supercompilation},
	Year = {1999}}

@phdthesis{Secher2002DrivingBased,
	Author = {Secher, J.P.},
	School = {Department of Computer Science, Copenhagen University},
	Title = {Driving-Based program transformation in theory and practice},
	Year = {2002}}

@mastersthesis{Sorensen1994TurchinSupercompiler,
	Author = {S{\o}rensen, M. H.},
	School = {K{\o}benhavns Universitet, Datalogisk Institut},
	Title = {Turchin{'}s Supercompiler Revisited: an Operational Theory of Positive Information Propagation},
	Year = {1994}}

@inproceedings{Sorensen1995Generalization,
	Author = {S{\o}rensen, M. H. and Gl{\"u}ck, R.},
	Booktitle = {Logic Programming: The 1995 International Symposium},
	Editor = {Lloyd, J. W.},
	Pages = {465--479},
	Title = {An algorithm of generalization in positive supercompilation},
	Year = {1995}}

@article{Sorensen1996Positive,
	Author = {S{\o}rensen, M. H. and Gl{\"u}ck, R. and Jones, N. D.},
	Journal = {Journal of Functional Programming},
	Number = {6},
	Pages = {811-838},
	Title = {A Positive Supercompiler.},
	Volume = {6},
	Year = {1996}}

@inproceedings{Sorensen1998Introduction,
	Author = {S{\o}rensen, M. H. and Gl{\"u}ck, R.},
	Booktitle = {Partial Evaluation. Practice and Theory},
	Pages = {246-270},
	Series = {LNCS},
	Title = {Introduction to Supercompilation},
	Volume = {1706},
	Year = {1998}}

@book{Turchin1977Phenomenon,
	Address = {New York},
	Author = {Turchin, V. F.},
	Publisher = {Columbia University Press},
	Title = {The phenomenon of science. A cybernetic approach to human evolution},
	Year = {1977},
  note = {\url{http://pespmc1.vub.ac.be/POSBOOK.html}}}

@book{Turchin1980Refal,
	Author = {Turchin, V. F.},
	Publisher = {Department of Computer Science, Courant Institute of Mathematical Sciences, New York University},
	Title = {The Language Refal: The Theory of Compilation and Metasystem Analysis},
	Year = {1980}}

@inproceedings{Turchin1986ProgramTrans,
	Author = {Turchin, V. F.},
	Booktitle = {Programs as Data Objects},
	Pages = {257--281},
	Publisher = {Springer},
	Series = {LNCS},
	Title = {{Program transformation by supercompilation}},
	Volume = {217},
	Year = {1986}}

@article{Turchin1986Supercompiler,
	Author = {Turchin, V. F.},
	Journal = {ACM Transactions on Programming Languages and Systems (TOPLAS)},
	Number = {3},
	Pages = {292-325},
	Title = {The concept of a supercompiler},
	Volume = {8},
	Year = {1986}}

@inproceedings{Turchin1988Generalization,
	Author = {Turchin, V. F.},
	Booktitle = {Partial Evaluation and Mixed Computation. Proceedings of the IFIP TC2 Workshop},
	Title = {The algorithm of generalization in the supercompiler},
	Year = {1988}}

@article{Turchin1993Transformation,
	Author = {Turchin, V. F.},
	Journal = {Journal of Functional Programming},
	Number = {03},
	Pages = {283--313},
	Title = {{Program transformation with metasystem transitions}},
	Volume = {3},
	Year = {1993}}

@inproceedings{Turchin1996Metacomputation,
	Author = {Turchin, V. F.},
	Booktitle = {Partial Evaluation},
	Pages = {481-509},
	Publisher = {Springer},
	Series = {Lecture Notes in Computer Science},
	Title = {Metacomputation: Metasystem Transitions plus Supercompilation},
	Volume = {1110},
	Year = {1996}}

@inproceedings{Turchin1996Supercompilation,
	Author = {Turchin, V. F.},
	Booktitle = {Perspectives of System Informatics},
	Publisher = {Springer},
	Series = {LNCS},
	Title = {Supercompilation: Techniques and Results},
	Volume = {1181},
	Year = {1996}}

@proceedings{Meta2008,
	Address = {Pereslavl-Zalessky},
	Month = {July 2--5},
	Organization = {Program Systems Institute},
	Title = {First International Workshop on Metacomputation in Russia},
	Year = {2008}}

@proceedings{Meta2010,
	Address = {Pereslavl-Zalessky},
	Month = {July 1-5},
	Organization = {Program Systems Institute},
	Title = {{Second International Valentin Turchin Memorial Workshop on Metacomputation in Russia}},
	Year = {2010}}

@proceedings{Meta2012,
	Address = {Pereslavl-Zalessky},
	Month = {July 5-9},
	Organization = {Program Systems Institute},
	Title = {{Third International Valentin Turchin Workshop on Metacomputation}},
	Year = {2012},
  note = {\url{http://meta2012.pereslavl.ru/}}}

@proceedings{Meta2014,
	Address = {Pereslavl-Zalessky},
	Organization = {Program Systems Institute},
	Title = {{Fourth International Valentin Turchin Workshop on Metacomputation}},
	Year = {2014},
  note = {\url{http://meta2014.pereslavl.ru/}}}

@book{Abramov1995meta,
	Author = "{Abramov, S. M.}",
	Publisher = {Nauka},
	Title = {Metavychisleniya i ih primenenie (Metacomputation and its applications)},
  __language = {Russian}, 
  note = {In Russian},
	Year = {1995}}

@book{Abramov2006meta2,
	Author = "{Abramov, S. M. and Parmyonova, L. V.}",
	Publisher = {Program Systems Institute of the RAS},
	Title = {Metavychisleniya i ih primenenie. Superkompiliacia (Metacomputation and its applications. Supercompilation, in Russian)},
	__Language = {Russian},
  note = {In Russian},
	Year = {2006}}

@phdthesis{Klyuchnikov2010Phd,
	Author = "{Klyuchnikov I.G.}",
	School = {M.V.Keldysh Institute of Applied Mathematics of the RAS},
	Title = {Inferring and proving properties of functional programs by means of supercompilation},
	Type = {PhD thesis},
  note = {In Russian},
	Year = {2010}}

@phdthesis{Nemytykh2008PhD,
	Author = "{Nemytykh A.P.}",
	School = {Program Systems Institute of the RAS},
	Title = {Specialization of functional programs using supercompilation},
	Type = {PhD thesis},
  note = {In Russian},
	Year = {2008}}

@book{Nemytykh2007SCP4,
	Author = "{Nemytykh A.P.}",
	Address = {Moscow},
	Publisher = {LKI},
	Title = {Supercompiler SCP4. General structure},
	Year = {2007}}

@techreport{Turchin1974EqTrans,
	Author = "{Turchin V.F.}",
	Institution = {CNIPIASS},
	Number = {6},
	Title = {Equivalent transformations of Refal programs},
	Type = {Trudy CNIPIASS},
	Year = {1974}}

book{Turchin2000Phenomenon,
	Address = {Moscow},
	Author = "{Turchin V.F.}",
	Title = {The Phenomenon of Science: A Cybernetic Approach to Evolution},
	Publisher = {ETS},
	Year = {2000}}

@inproceedings{Klimov2008Jscp,
	Author = {Klimov, A.V.},
	Booktitle = {First International Workshop on Metacomputation in Russia},
	Title = {An approach to Supercompilation for Object-Oriented Languages: the Java Supercompiler Case Study},
	Year = {2008}}


@inproceedings{Klyuchnikov2009SPSC,
	Author = {Klyuchnikov, Ilya and Romanenko, Sergei},
	Booktitle = {PU'09 (International Workshop on Program Understanding)},
	Title = {{SPSC: a Simple Supercompiler in Scala}},
	Year = {2009}}


@inproceedings{Reich2010Reduceron,
	Author = {Reich, Jason S. and Naylor, Matthew and Runciman, Colin},
	Booktitle = {Second International Workshop on Metacomputation in Russia},
	Title = {Supercompilation and the {Reduceron}},
	Year = {2010}}

@article{Knuth1977Fast,
  title={{Fast pattern matching in strings}},
  author={Knuth, D. E. and Morris, J. H. and Pratt, V. R.},
  journal={SIAM Journal on Computing},
  volume={6},
  pages={323},
  year={1977}
}


@book{Mitchell1996Foundations,
	Author = {Mitchell, John C.},
	Publisher = {MIT Press},
	Title = {Foundations for programming languages},
	Year = {1996}}


@inproceedings{Wadler1988deforestation,
	Author = {Wadler, P.},
	Booktitle = {ESOP '88},
	Pages = {344-358},
	Publisher = {Springer},
	Series = {LNCS},
	Title = {Deforestation: Transforming Programs to Eliminate Trees},
	Volume = {300},
	Year = {1988}}

@inproceedings{Ferguson1988When,
	Author = {Ferguson, A.B. and Wadler, P.},
	Booktitle = {1988 Glasgow Workshop on Functional Programming},
	Title = {{When Will Deforestation Stop?}},
	Year = {1988}}

@misc{SCMiniUrl,
  url = {https://github.com/ilya-klyuchnikov/sc-mini}
  }
  
@misc{Scp4Url,
  url = {http://www.botik.ru/pub/local/scp/refal5/refal5.html}
  }  
  
@misc{TsgUrl,
  url = {http://www.botik.ru/~abram/mca/}
  }  
  
@misc{JscpUrl,
  url = {http://supercompilers.ru}
  }  

@misc{TimberUrl,
  url = {http://timber-lang.org/}
  }  

@misc{SuperoUrl,
  url = {http://community.haskell.org/~ndm/supero/}
  }  

@misc{SpscUrl,
  url = {http://code.google.com/p/spsc/}
  }  

@misc{HoscUrl,
  url = {http://code.google.com/p/hosc/}
  }  

@misc{OptimusprimeUrl,
  url = {http://hackage.haskell.org/package/optimusprime}
  }  

@misc{ChscUrl,
  url = {https://github.com/batterseapower/chsc}
  }  

@misc{DistillUrl,
  url = {https://github.com/distillation/distill}
  }  
  
@misc{MrscUrl,
  url = {https://github.com/ilya-klyuchnikov/mrsc}
  }  

@misc{CoqGenScpUrl,
  url = {https://sites.google.com/site/dkrustev/Home/publications}
  }  

@misc{ErlangScpUrl,
  url = {https://weinholt.se/}
  }  
  
@misc{TTliteUrl,
  url = {https://github.com/ilya-klyuchnikov/ttlite}
  }  
  
@TECHREPORT{klyuchnikov2011mrsc,
  title={{MRSC}: a toolkit for building multi-result supercompilers},
  author={Klyuchnikov, I. G. and Romanenko, S. A. },
  type =	{{preprint}},
  institution =	{Keldysh Institute},
  year={2011},
  number={77},
  numpages = {27}
}

@incollection{TFP2012:CoqGenScp,
year={2013},
isbn={978-3-642-40446-7},
booktitle={Trends in Functional Programming},
volume={7829},
series={Lecture Notes in Computer Science},
editor={Loidl, Hans-Wolfgang and Peña, Ricardo},
doi={10.1007/978-3-642-40447-4_9},
title={Towards a Framework for Building Formally Verified Supercompilers in {C}oq},
url={http://dx.doi.org/10.1007/978-3-642-40447-4_9},
publisher={Springer Berlin Heidelberg},
keywords={program transformation; supercompilation; partial evaluation; deforestation; formal verification; Coq; dependent types},
author={Krustev, Dimitur},
pages={133-148}
}
  
@techreport{Klyuchnikov2013TTLite,
    Address = {Moscow},
    Author = {Klyuchnikov, Ilya and Romanenko, Sergei},
    Institution = {{KIAM}},    
    Title = {{TT Lite}: a supercompiler for {Martin-L{\"o}f's} type theory},
    Type = {Preprint},
    Note = {URL: \url{http://library.keldysh.ru//preprint.asp?lg=e&id=2013-73}},
    Year = {2013}}  
