@inproceedings{jonsson2006prosopopeia,
  title={Prosopopeia: experiences from a pervasive Larp},
  author={Jonsson, Staffan and Montola, Markus and Waern, Annika and Ericsson, Martin},
  booktitle={Proceedings of the 2006 ACM SIGCHI international conference on Advances in computer entertainment technology},
  pages={23},
  year={2006},
  organization={ACM}
}

@article{montola2006prosopopeia,
  title={Prosopopeia. Playing on the Edge of Reality},
  author={Montola, Markus and Jonsson, Staffan},
  journal={2006). Role, Play, Art. Collected Experiences of Role-Playing},
  pages={85--99},
  year={2006}
}


@InProceedings{pedersen2008,
  author = 	 {Bjarke Pedersen and Lars Munck},
  title = 	 {Walking the White Road: A Trip into the Hobo Dream},
  crossref =	 {kp2008},
  pages =	 {102 -- 109},
booktitle = {Playground Worlds. Creating and Evaluating Experiences of Role-Playing Games},
}

@Proceedings{kp2008,
title = {Playground Worlds. Creating and Evaluating Experiences of Role-Playing Games},
year = {2004},
editor = {Markus Montola and Jaakko Stenros},
publisher = {Ropecon ry}
}


@InProceedings{henriksen2004,
  author = 	 {Thomas Henriksen},
  title = 	 {On the Transmutation of Educational Role-Play:
A Critical Reframing to the Role-Play in Order to Meet the 
Educational Demands},
  crossref =	 {kp2004},
  pages =	 {107 -- 130},
booktitle = {Beyond Role and Play -- Tools Toys and Theory for Harnessing the Imagination},
}

@Proceedings{kp2004,
title = {Beyond Role and Play -- Tools Toys and Theory for Harnessing the Imagination},
year = {2004},
editor = {Markus Montola and Jaakko Stenros},
publisher = {Ropecon ry}
}


@Proceedings{kp2011,
  title = 	 {Think Larp -- Academic Writings from KP2011},
  year = 	 {2011},
  editor =	 {Thomas Duus Henriksen and Christian Bierlich and Kasper Friis Hansen and Valdemar Kølle},
  publisher =	 {Rollespilsakademiet},
}

@Proceedings{nordiclarp,
  title = 	 {Nordic Larp},
  year = 	 {2010},
  editor =	 {Jaakko Stenros and Markus Montola},
  publisher =	 {Fëa Livia},
}




@InProceedings{stenros2012,
  author = 	 {Jaakko Stenros},
  title = 	 {In Defence of a Magic Circle: The Social and Mental Boundaries of Play},
  booktitle =	 {Proceedings of the DiGRA Nordic 2012 Conference: Local and Global -- Games in Culture and Society},
  year =	 {2012},
}

@PhdThesis{montola2012,
  author = 	 {Markus Montola},
  title = 	 {On the Edge of the Magic Circle. Understanding Role-Playing and Pervasive Games.},
  school = 	 {University of Tampere},
  year = 	 {2012},
}

@misc{larson_battlestar_1978,
	title = {Battlestar Galactica},
	author = {Larson, Glen},
	year = {1978, 1980, 2003, 2004--2009, 2010, 2013},
howpublished = {Television}
}

@misc{turku3,
title = {The Manifesto of the {T}urku School},
author = {Mike Pohjola},
url = {http://mikepohjola.com/turku/manifesto.html},
note = {3rd Edition, \url{http://mikepohjola.com/turku/manifesto.html}},
}

@misc{rpi,
title={Raspberry Pi},
url={http://www.raspberrypi.org},
note={\url{http://www.raspberrypi.org}},
author={{Raspberry Pi foundation}},
year=2012,
}

@Misc{mpd,
  title =        "Music Player Daemon",
  URL =          "http://musicpd.org",
  note =          {\url{http://musicpd.org}},
author = {{Music Player Daemon}}
}

@Misc{ntp,
  title =        "Network Time Protocol",
  URL =          "http://www.ntp.org",
  note =          {\url{http://www.ntp.org}},
author = {{Network Time Foundation}}
}

@Misc{pulseaudio,
  title =        "PulseAudio",
  URL =          "http://www.pulseaudio.org",
  note =         {\url{http://www.pulseaudio.org}},
author = {{PulseAudio}}
}

@Misc{aeson,
title = {\texttt{Aeson}},
author = {Bryan O'Sullivan},
year = {2011},
howpublished = {Hackage}
}

@Misc{amqp,
title = {\texttt{AMQP}},
author = {Holger Reinhardt},
year = {2012},
howpublished = {Hackage}
}

@Misc{attoparsec,
title = {\texttt{attoparsec}},
author = {Bryan O'Sullivan},
year = {2013},
howpublished = {Hackage}
}

@Misc{haskell,
title = {The Haskell Platform},
author = {The {Haskell community}},
year = 2012
}

@Misc{bytestring,
title = {\texttt{bytestring}},
author = {Don Stewart and Duncan Coutts and David Roundy and Jasper Van der Jeugt and Simon Meier},
year = {2012},
howpublished = {Hackage}
}

@Misc{containers,
title = {\texttt{containers}},
author = {Johan Tibell},
year = {2012},
howpublished = {Hackage}
}


@Misc{hedis,
title = {\texttt{hedis}},
author = {Falko Peters},
year = {2011},
howpublished = {Hackage}
}

@Misc{mtl,
title = {\texttt{mtl}},
author = {Andy Gill and Edward Kmett},
year = {2012},
howpublished = {Hackage}
}

@Misc{regex-posix,
title = {\texttt{regex-posix}},
author = {Christopher Kuklewicz},
year = {2010},
howpublished = {Hackage}
}

@Misc{text,
title = {\texttt{text}},
author = {Bryan O'Sullivan and Tom Harper},
year = {2013},
howpublished = {Hackage}
}

@Misc{unordered-containers,
title = {\texttt{unordered-containers}},
author = {Johan Tibell and Edward Z. Yang},
year = 2013,
howpublished = {Hackage}
}

